@misc{ Why_VR_storytelling,
       author = "Jeff Brown",
       title = "Why VR Storytelling",
       year = "2015",
   	   day = "13",
      month = "April" 
  }